<record><leader>00000cas a2200000 a 4500</leader><controlfield tag="001">15116308</controlfield><controlfield tag="008">870127d18411842iluwr ne      0   a0eng c</controlfield><datafield ind1=" " ind2=" " tag="010"><subfield code="a">sn 87082164 </subfield></datafield><datafield ind1=" " ind2=" " tag="040"><subfield code="a">NPV</subfield><subfield code="b">eng</subfield><subfield code="c">NPV</subfield><subfield code="d">DLC</subfield><subfield code="d">NVF</subfield><subfield code="d">OCL</subfield><subfield code="d">NVF</subfield><subfield code="d">CVF</subfield><subfield code="d">NVF</subfield><subfield code="d">OCLCQ</subfield><subfield code="d">OCLCF</subfield><subfield code="d">OCLCO</subfield><subfield code="d">NVF</subfield></datafield><datafield ind1=" " ind2=" " tag="042"><subfield code="a">pcc</subfield></datafield><datafield ind1=" " ind2=" " tag="043"><subfield code="a">n-us-il</subfield></datafield><datafield ind1="0" ind2="0" tag="245"><subfield code="a">Rockford pilot.</subfield></datafield><datafield ind1=" " ind2=" " tag="260"><subfield code="a">Rockford, Winnebago Co., Ill. :</subfield><subfield code="b">[publisher not identified],</subfield><subfield code="c">1841-1842.</subfield></datafield><datafield ind1="3" ind2=" " tag="260"><subfield code="3">Aug. 5, 1841-Oct. 13, 1842</subfield><subfield code="a">Rockford, Winnebago Co., Ill. :</subfield><subfield code="b">John A. Brown</subfield></datafield><datafield ind1=" " ind2=" " tag="300"><subfield code="a">volumes</subfield></datafield><datafield ind1=" " ind2=" " tag="310"><subfield code="a">Weekly</subfield></datafield><datafield ind1="0" ind2=" " tag="362"><subfield code="a">Vol. 1, no. 1 (July 22, 1841)-v. 2, no. 13 (Oct. 13, 1842).</subfield></datafield><datafield ind1=" " ind2=" " tag="515"><subfield code="a">Issue for v. 1, no. 50 (June 30, 1842) erroneously designated as v. 1, no. 50 (June 30, 1841).</subfield></datafield><datafield ind1=" " ind2=" " tag="515"><subfield code="a">Issue for v. 1, no. 51 (July 7, 1842) erroneously designated as v. 1, no. 51 (July 7, 1841).</subfield></datafield><datafield ind1=" " ind2=" " tag="515"><subfield code="a">Issue for v. 2, no. 5 (Aug. 18, 1842) erroneously designated as v. 2, no. 5 (Aug. 81, 1842).</subfield></datafield><datafield ind1=" " ind2=" " tag="530"><subfield code="a">Preservation microfilmed by the University of Illinois at Urbana-Champaign Library as part of the United States Newspaper Program; the years 1841-1842 (on 1 microfilm reel) are available for purchase from OCLC Preservation Service Centers.</subfield></datafield><datafield ind1=" " ind2="0" tag="651"><subfield code="a">Rockford (Ill.)</subfield><subfield code="v">Newspapers.</subfield></datafield><datafield ind1=" " ind2="7" tag="651"><subfield code="a">Illinois</subfield><subfield code="z">Rockford.</subfield><subfield code="2">fast</subfield><subfield code="0">(OCoLC)fst01208839</subfield></datafield><datafield ind1=" " ind2="7" tag="655"><subfield code="a">Newspapers.</subfield><subfield code="2">fast</subfield><subfield code="0">(OCoLC)fst01423814</subfield></datafield><datafield ind1=" " ind2=" " tag="752"><subfield code="a">United States</subfield><subfield code="b">Illinois</subfield><subfield code="c">Winnebago County</subfield><subfield code="d">Rockford.</subfield></datafield><datafield ind1="0" ind2="0" tag="780"><subfield code="t">Rockford star</subfield><subfield code="w">(DLC)sn 87082497</subfield><subfield code="w">(OCoLC)15748933</subfield></datafield><datafield ind1="1" ind2=" " tag="029"><subfield code="a">AU@</subfield><subfield code="b">000020119509</subfield></datafield></record>